@article{AZFinText,
title = "A quantitative stock prediction system based on financial news",
journal = "Information Processing \& Management",
volume = "45",
number = "5",
pages = "571 - 583",
year = "2009",
issn = "0306-4573",
doi = "https://doi.org/10.1016/j.ipm.2009.05.001",
url = "http://www.sciencedirect.com/science/article/pii/S0306457309000478",
author = "Robert P. Schumaker and Hsinchun Chen",
keywords = "Knowledge management, Prediction from textual documents, Quantitative funds"
}

@misc{yf,
    title = {{Yahoo! Finance}},
    url = {https://finance.yahoo.com/quote/\%5EGSPC/history?p=\%5EGSPC},
    year = {2015}
}

@misc{reuters,
    title = {{Reuters}},
    url = {https://www.reuters.com/resources/archive/us/},
    year = {2018}
}

@misc{IEX,
    title = {{IEX API}},
    url = {https://iextrading.com/developer/docs/#chart},
    year = {2018}
}

@misc{stanford,
    author = {Zhai, Jinjian and Cohen, Nicholas and Atreya, Anand},
    citeulike-article-id = {9234806},
    month = mar,
    posted-at = {2011-04-30 22:33:20},
    priority = {2},
    title = {{CS224N Final Project: Sentiment analysis of news articles for financial signal prediction}},
    year = {2011}
}

@misc{data,
  author = {Webhose.io},
  title = {{Webhose.io}},
  howpublished = {Available at: \url{https://webhose.io/datasets/} accessed on 2018-09-17},
  year   = {2018}
}

@misc{fn,
  author = {Philippe RÃ©my},
  title = {{Financial News Dataset from Bloomberg and Reuters}},
  howpublished = {\url{https://github.com/philipperemy/financial-news-dataset}},
  year = {2014},
}

@misc{nyt,
  author = {Evan Sandhaus},
  title = {The New York Times Annotated Corpus},
  howpublished = {\url{https://catalog.ldc.upenn.edu/LDC2008T19}},
  year = {2008},
}

@inproceedings{Ding2014,
  title={Using Structured Events to Predict Stock Price Movement: An Empirical Investigation},
  author={Xiao Ding and Yue Zhang and Ting Liu and Junwen Duan},
  booktitle={EMNLP},
  year={2014}
}

@inproceedings{Ding2015,
 author = {Ding, Xiao and Zhang, Yue and Liu, Ting and Duan, Junwen},
 title = {Deep Learning for Event-driven Stock Prediction},
 booktitle = {Proceedings of the 24th International Conference on Artificial Intelligence},
 series = {IJCAI'15},
 year = {2015},
 isbn = {978-1-57735-738-4},
 location = {Buenos Aires, Argentina},
 pages = {2327--2333},
 numpages = {7},
 url = {http://dl.acm.org/citation.cfm?id=2832415.2832572},
 acmid = {2832572},
 publisher = {AAAI Press},
}

@article{word2vec1,
  author    = {Tomas Mikolov and
               Kai Chen and
               Greg Corrado and
               Jeffrey Dean},
  title     = {Efficient Estimation of Word Representations in Vector Space},
  journal   = {CoRR},
  volume    = {abs/1301.3781},
  year      = {2013},
  url       = {http://arxiv.org/abs/1301.3781},
  archivePrefix = {arXiv},
  eprint    = {1301.3781},
  timestamp = {Mon, 13 Aug 2018 16:48:33 +0200},
  biburl    = {https://dblp.org/rec/bib/journals/corr/abs-1301-3781},
  bibsource = {dblp computer science bibliography, https://dblp.org}
}

@incollection{word2vec2,
title = {Distributed Representations of Words and Phrases and their Compositionality},
author = {Mikolov, Tomas and Sutskever, Ilya and Chen, Kai and Corrado, Greg S and Dean, Jeff},
booktitle = {Advances in Neural Information Processing Systems 26},
editor = {C. J. C. Burges and L. Bottou and M. Welling and Z. Ghahramani and K. Q. Weinberger},
pages = {3111--3119},
year = {2013},
publisher = {Curran Associates, Inc.},
url = {http://papers.nips.cc/paper/5021-distributed-representations-of-words-and-phrases-and-their-compositionality.pdf}
}

@incollection{skip,
title = {Skip-Thought Vectors},
author = {Kiros, Ryan and Zhu, Yukun and Salakhutdinov, Ruslan R and Zemel, Richard and Urtasun, Raquel and Torralba, Antonio and Fidler, Sanja},
booktitle = {Advances in Neural Information Processing Systems 28},
editor = {C. Cortes and N. D. Lawrence and D. D. Lee and M. Sugiyama and R. Garnett},
pages = {3294--3302},
year = {2015},
publisher = {Curran Associates, Inc.},
url = {http://papers.nips.cc/paper/5950-skip-thought-vectors.pdf}
}

@article{CNN2RNN,
author = {Gan, Zhe and Pu, Yunchen and Henao, Ricardo and Li, Chunyuan and He, Xiaodong and Carin, Lawrence},
year = {2016},
month = {11},
pages = {},
title = {Unsupervised Learning of Sentence Representations using Convolutional Neural Networks}
}



